%% This BibTeX bibliography file was created using BibDesk.
%% http://bibdesk.sourceforge.net/


%% Created for Lucas Cavalcante at 2016-12-23 19:10:13 +0100 


%% Saved with string encoding Unicode (UTF-8) 



@article{Renard:2015wv,
	Author = {Renard, Xavier and Rifqi, Maria and Erray, Walid and Detyniecki, Marcin},
	Date-Added = {2016-11-21 13:20:58 +0000},
	Date-Modified = {2016-11-21 13:20:58 +0000},
	Journal = {DSAA},
	Title = {{Random-shapelet - An algorithm for fast shapelet discovery.}},
	Year = {2015}}

@article{Xi:2006cg,
	Author = {Xi, Xiaopeng and Keogh, Eamonn J and Shelton, Christian R and Wei, Li and Ratanamahatana, Chotirat Ann},
	Journal = {ICML},
	Pages = {1033--1040},
	Title = {{Fast time series classification using numerosity reduction.}},
	Year = {2006}}

@article{Batista:2013by,
	Annote = {Invari{\^a}ncia {\`a} complexidade e resumo das outras},
	Author = {Batista, Gustavo E A P A and Keogh, Eamonn J and Tataw, Oben Moses and de Souza, Vin{\'\i}cius M A},
	Journal = {Data Mining and Knowledge Discovery},
	Pages = {1--36},
	Title = {{CID: an efficient complexity-invariant distance for time series}},
	Year = {2013}}

@inproceedings{Ye:2009do,
	Author = {Ye, Lexiang and Keogh, Eamonn},
	Booktitle = {Proceedings of the 15th ACM SIGKDD international conference on Knowledge discovery and data mining},
	Organization = {ACM},
	Pages = {947--956},
	Title = {{Time series shapelets: a new primitive for data mining}},
	Year = {2009}}

@article{Hills:2013dk,
	Author = {Hills, Jon and Lines, Jason and Baranauskas, Edgaras and Mapp, James and Bagnall, Anthony},
	Journal = {Data Mining and Knowledge Discovery},
	Month = may,
	Number = {4},
	Pages = {851--881},
	Title = {Classification of time series by shapelet transformation.},
	Volume = {28},
	Year = {2013}}

@article{Lines:2012jm,
	Author = {Lines, Jason and Davis, Luke M and Hills, Jon and Bagnall, Anthony},
	Journal = {KDD},
	Pages = {289--297},
	Title = {A shapelet transform for time series classification.},
	Year = {2012}}

@article{Lines:2012bv,
	Author = {Lines, Jason and Bagnall, Anthony},
	Journal = {IDEAL},
	Number = {Chapter 58},
	Pages = {475--483},
	Title = {{Alternative Quality Measures for Time Series Shapelets.}},
	Volume = {7435},
	Year = {2012}}

@article{Mueen:2011bu,
	Author = {Mueen, Abdullah and Keogh, Eamonn J and Young, Neal E},
	Journal = {KDD},
	Pages = {1154--1162},
	Title = {{Logical-shapelets: an expressive primitive for time series classification.}},
	Year = {2011}}

@article{Yuan:2014kf,
	Author = {Yuan, Jidong and Wang, Zhihai and Han, Meng},
	Journal = {IJPRAI 28(6)},
	Number = {06},
	Pages = {1450014},
	Title = {A Discriminative Shapelets Transformation for Time Series Classification.},
	Volume = {28},
	Year = {2014}}

@article{Gordon:2012ti,
	Author = {Gordon, Daniel and Hendler, Danny and Rokach, Lior},
	Journal = {arXiv preprint arXiv:1209.5038},
	Title = {Fast Randomized Model Generation for Shapelet-Based Time Series Classification.},
	Year = {2012}}

@article{Wistuba:2015wo,
	Author = {Wistuba, Martin and Grabocka, Josif and Schmidt-Thieme, Lars},
	Journal = {arXiv preprint arXiv:1503.05018},
	Title = {Ultra-Fast Shapelets for Time Series Classification.},
	Year = {2015}}

@misc{quinlan2003c5,
	Author = {Quinlan, J. Ross},
	Howpublished = {\url{http://www.rulequest.com/see5-unix.html}},
	Note = {Accessed: 2016-03-17},
	Title = {C5.0: An Informal Tutorial},
	Year = {2003}}

@article{Breiman:2001fb,
	Author = {Breiman, Leo},
	Journal = {Machine learning},
	Number = {1},
	Pages = {5--32},
	Title = {{Random Forests}},
	Volume = {45},
	Year = {2001}}

@book{Vapnik:1996ta,
	Author = {Vapnik, V},
	Publisher = {Springer Verlag},
	Title = {{Nature of Learning Theory}},
	Year = {1996}}

@article{Demsar:2006un,
	Author = {Dem{\v s}ar, Janez},
	Journal = {The Journal of Machine Learning Research},
	Month = dec,
	Pages = {1--30},
	Title = {{Statistical Comparisons of Classifiers over Multiple Data Sets}},
	Volume = {7},
	Year = {2006}}

@misc{UCRArchive,
	Author = {Chen, Yanping and Keogh, Eamonn and Hu, Bing and Begum, Nurjahan and Bagnall, Anthony and Mueen, Abdullah and Batista, Gustavo},
	Date-Added = {2016-01-11 03:00:46 +0000},
	Date-Modified = {2016-12-23 18:10:13 +0000},
	Month = {July},
	Title = {The UCR Time Series Classification Archive (\url{www.cs.ucr.edu/~eamonn/time_series_data/})},
	Year = {2015}}

@misc{paper-website,
	Author = {Anonymous},
	Date-Modified = {2016-06-15 07:25:48 +0000},
	Howpublished = {\url{https://www.dropbox.com/sh/v433g5hqsnrh6dk/AAB8Km7ctg67A1e9FBpDNzPxa?dl=0}},
	Title = {Shapelets Sampling and Quality Measurements, Online Supplementary Material},
	Year = {2016}}
